@article{Genesereth:1985:LP:4284.4287,
 author = {Genesereth, Michael R. and Ginsberg, Matthew L.},
 title = {Logic programming},
 journal = {Commun. ACM},
 volume = {28},
 issue = {9},
 month = {September},
 year = {1985},
 issn = {0001-0782},
 pages = {933--941},
 numpages = {9},
 url = {http://doi.acm.org/10.1145/4284.4287},
 doi = {http://doi.acm.org/10.1145/4284.4287},
 acmid = {4287},
 publisher = {ACM},
 address = {New York, NY, USA},
} 

@article{Sakama:2008:CAS:1342991.1342993,
 author = {Sakama, Chiaki and Inoue, Katsumi},
 title = {Coordination in answer set programming},
 journal = {ACM Trans. Comput. Logic},
 volume = {9},
 issue = {2},
 month = {April},
 year = {2008},
 issn = {1529-3785},
 pages = {9:1--9:30},
 articleno = {9},
 numpages = {30},
 url = {http://doi.acm.org/10.1145/1342991.1342993},
 doi = {http://doi.acm.org/10.1145/1342991.1342993},
 acmid = {1342993},
 publisher = {ACM},
 address = {New York, NY, USA},
 keywords = {Answer set programming, coordination, multiagent systems},
} 

@article{DBLP:journals/mp/LewisO13,
  author    = {Adrian S. Lewis and
               Michael L. Overton},
  title     = {Nonsmooth optimization via quasi-Newton methods},
  journal   = {Math. Program.},
  volume    = {141},
  number    = {1-2},
  pages     = {135--163},
  year      = {2013},
  doi       = {10.1007/s10107-012-0514-2},
  timestamp = {Wed, 11 Sep 2013 15:24:55 +0200},
  biburl    = {http://dblp.uni-trier.de/rec/bib/journals/mp/LewisO13},
  bibsource = {dblp computer science bibliography, http://dblp.org}
}



@book{nocedal1999numerical,
  added-at = {2012-06-07T15:51:51.000+0200},
  author = {Nocedal, J. and Wright, S.J.},
  biburl = {http://www.bibsonomy.org/bibtex/29b363ab20994a146ded33670936613a7/scribbler},
  description = {Numerical Optimization - Jorge Nocedal, Stephen J. Wright - Google Books},
  interhash = {a0b117098bdf8fc4f4396bc9b6640558},
  intrahash = {9b363ab20994a146ded33670936613a7},
  isbn = {9780387987934},
  keywords = {2012 cop project},
  lccn = {99013263},
  publisher = {Springer},
  series = {Springer Series in Operations Research},
  timestamp = {2012-06-07T15:51:51.000+0200},
  title = {Numerical Optimization},
  year = 1999
}